@misc{chen2024parallelhigherordertrussdecomposition,
    title={Parallel Higher-order Truss Decomposition},
    author={Chen Chen and Jingya Qian and Hui Luo and Yongye Li and Xiaoyang Wang},
    year={2024},
    eprint={2411.06405},
    archivePrefix={arXiv},
    primaryClass={cs.DS},
    url={https://arxiv.org/abs/2411.06405},
}